
@misc{Authors14,
 author = {Full Author Name},
 title = {The Frobnicatable Foo Filter},
 note = {Face and Gesture  submission ID 324. Supplied as additional material {\tt fg324.pdf}},
 year = 2014
}

@misc{Authors14b,
 author = {Full Author Name},
 title = {Frobnication Tutorial},
 note = {Supplied as additional material {\tt tr.pdf}},
 year = 2014
}

@article{Alpher02,
author = {Alvin Alpher},
title = {Frobnication},
journal = {Journal of Foo},
volume = 12, 
number = 1, 
pages = {234--778}, 
year = 2002
}

@article{Alpher03,
author = {Alvin Alpher and Ferris P.~N. Fotheringham-Smythe},
title = {Frobnication Revisited},
journal = {Journal of Foo},
volume = 13, 
number = 1, 
pages = {234--778}, 
year = 2003
}

@article{Alpher04,
author = {Alvin Alpher and Ferris P.~N. Fotheringham-Smythe and Gavin Gamow},
title = {Can a Machine Frobnicate?},
journal = {Journal of Foo},
volume = 14, 
number = 1, 
pages = {234--778}, 
year = 2004
}

@misc{huang2023collaborative,
      title={Collaborative Diffusion for Multi-Modal Face Generation and Editing}, 
      author={Ziqi Huang and Kelvin C. K. Chan and Yuming Jiang and Ziwei Liu},
      year={2023},
      eprint={2304.10530},
      archivePrefix={arXiv},
      primaryClass={cs.CV}
}

@misc{ding2017exprgan,
      title={ExprGAN: Facial Expression Editing with Controllable Expression Intensity}, 
      author={Hui Ding and Kumar Sricharan and Rama Chellappa},
      year={2017},
      eprint={1709.03842},
      archivePrefix={arXiv},
      primaryClass={cs.CV}
}

@inproceedings{ling2020toward,
  title={Toward Fine-grained Facial Expression Manipulation},
  author={Ling, Jun and Xue, Han and Song, Li and Yang, Shuhui and Xie, Rong and Gu, Xiao},
  booktitle={European Conference on Computer Vision},
  pages={37--53},
  year={2020},
  organization={Springer}
}

@article{melnik2024face,
  title={Face generation and editing with stylegan: A survey},
  author={Melnik, Andrew and Miasayedzenkau, Maksim and Makaravets, Dzianis and Pirshtuk, Dzianis and Akbulut, Eren and Holzmann, Dennis and Renusch, Tarek and Reichert, Gustav and Ritter, Helge},
  journal={IEEE Transactions on Pattern Analysis and Machine Intelligence},
  year={2024},
  publisher={IEEE}
}

@inproceedings{karras2019style,
  title={A style-based generator architecture for generative adversarial networks},
  author={Karras, Tero and Laine, Samuli and Aila, Timo},
  booktitle={Proceedings of the IEEE/CVF conference on computer vision and pattern recognition},
  pages={4401--4410},
  year={2019}
}

@inproceedings{zhang2023adding,
  title={Adding conditional control to text-to-image diffusion models},
  author={Zhang, Lvmin and Rao, Anyi and Agrawala, Maneesh},
  booktitle={Proceedings of the IEEE/CVF International Conference on Computer Vision},
  pages={3836--3847},
  year={2023}
}

@misc{dhariwal2021diffusion,
      title={Diffusion Models Beat GANs on Image Synthesis}, 
      author={Prafulla Dhariwal and Alex Nichol},
      year={2021},
      eprint={2105.05233},
      archivePrefix={arXiv},
      primaryClass={cs.LG}
}

@misc{ho2020denoising,
      title={Denoising Diffusion Probabilistic Models}, 
      author={Jonathan Ho and Ajay Jain and Pieter Abbeel},
      year={2020},
      eprint={2006.11239},
      archivePrefix={arXiv},
      primaryClass={cs.LG}
}

@misc{sohldickstein2015deep,
      title={Deep Unsupervised Learning using Nonequilibrium Thermodynamics}, 
      author={Jascha Sohl-Dickstein and Eric A. Weiss and Niru Maheswaranathan and Surya Ganguli},
      year={2015},
      eprint={1503.03585},
      archivePrefix={arXiv},
      primaryClass={cs.LG}
}

@article{Gera_2021,
   title={Landmark guidance independent spatio-channel attention and complementary context information based facial expression recognition},
   volume={145},
   ISSN={0167-8655},
   url={http://dx.doi.org/10.1016/j.patrec.2021.01.029},
   DOI={10.1016/j.patrec.2021.01.029},
   journal={Pattern Recognition Letters},
   publisher={Elsevier BV},
   author={Gera, Darshan and Balasubramanian, S},
   year={2021},
   month=may, pages={58â€“66} }

@INPROCEEDINGS{4761697,
  author={Taini, Matti and Zhao, Guoying and Li, Stan Z. and Pietikainen, Matti},
  booktitle={2008 19th International Conference on Pattern Recognition}, 
  title={Facial expression recognition from near-infrared video sequences}, 
  year={2008},
  volume={},
  number={},
  pages={1-4},
  keywords={Face recognition;Video sequences;Lighting;Robustness;Image databases;Optical imaging;Image recognition;Histograms;Machine vision;Automation},
  doi={10.1109/ICPR.2008.4761697}}


@misc{li2023reganie,
      title={ReGANIE: Rectifying GAN Inversion Errors for Accurate Real Image Editing}, 
      author={Bingchuan Li and Tianxiang Ma and Peng Zhang and Miao Hua and Wei Liu and Qian He and Zili Yi},
      year={2023},
      eprint={2301.13402},
      archivePrefix={arXiv},
      primaryClass={cs.CV}
}

@inproceedings{bulat2017far,
  title={How far are we from solving the 2D \& 3D Face Alignment problem? (and a dataset of 230,000 3D facial landmarks)},
  author={Bulat, Adrian and Tzimiropoulos, Georgios},
  booktitle={International Conference on Computer Vision},
  year={2017}
}

@misc{landmark,
  author = {georgefen},
  title = {{Face-Landmark-ControlNet}},
  howpublished = "\url{https://huggingface.co/georgefen/Face-Landmark-ControlNet}",
  year = {2023}, 
  note = "[Online; accessed 20-March-2024]"
}